<collection xmlns="http://www.loc.gov/MARC21/slim">
<record>
  <leader>00877nam0a2200217 i 450 </leader>
  <controlfield tag="001">IT\ICCU\CNCE\058239</controlfield>
  <controlfield tag="005">20121119000000.0</controlfield>
  <datafield tag="012" ind1=" " ind2=" ">
    <subfield code="a">nomo iee: nea: e.a: (C) 1529 (A)</subfield>
    <subfield code="2">fei</subfield>
  </datafield>
  <datafield tag="100" ind1=" " ind2=" ">
    <subfield code="a">20040517d1529        0itac0103    ba</subfield>
  </datafield>
  <datafield tag="101" ind1=" " ind2=" ">
    <subfield code="a">ITA</subfield>
  </datafield>
  <datafield tag="102" ind1=" " ind2=" ">
    <subfield code="a">IT</subfield>
  </datafield>
  <datafield tag="200" ind1="1" ind2=" ">
    <subfield code="a">Predica damore composta per vn deuoto seruo del&apos;amore. Intitulata omnia vincit amor</subfield>
  </datafield>
  <datafield tag="210" ind1=" " ind2=" ">
    <subfield code="e">Stampata in Chiuasso</subfield>
    <subfield code="g">per Francesco Garrone de Liuorno</subfield>
    <subfield code="h">1529 del mese de zugno</subfield>
  </datafield>
  <datafield tag="215" ind1=" " ind2=" ">
    <subfield code="a">\8! c.</subfield>
    <subfield code="d">8ʻ</subfield>
  </datafield>
  <datafield tag="620" ind1=" " ind2=" ">
    <subfield code="a">IT</subfield>
    <subfield code="d">Chivasso</subfield>
  </datafield>
  <datafield tag="712" ind1="0" ind2="0">
    <subfield code="a">Garrone, Francesco</subfield>
    <subfield code="3">IT\ICCU\CNCT\000427</subfield>
    <subfield code="4">650</subfield>
  </datafield>
  <datafield tag="791" ind1="0" ind2="0">
    <subfield code="a">Caron, Francesco</subfield>
    <subfield code="3">IT\ICCU\CNCT\003830</subfield>
    <subfield code="z">Garrone, Francesco</subfield>
  </datafield>
  <datafield tag="791" ind1="0" ind2="0">
    <subfield code="a">Garonus, Franciscus</subfield>
    <subfield code="3">IT\ICCU\CNCT\003831</subfield>
    <subfield code="z">Garrone, Francesco</subfield>
  </datafield>
  <datafield tag="791" ind1="0" ind2="0">
    <subfield code="a">Garone, Francesco</subfield>
    <subfield code="3">IT\ICCU\CNCT\004840</subfield>
    <subfield code="z">Garrone, Francesco</subfield>
  </datafield>
  <datafield tag="801" ind1=" " ind2="3">
    <subfield code="a">IT</subfield>
    <subfield code="b">ICCU</subfield>
    <subfield code="c">20201115</subfield>
  </datafield>
  <datafield tag="899" ind1=" " ind2=" ">
    <subfield code="a">Biblioteca nazionale Marciana. Venezia</subfield>
    <subfield code="1">VE0049</subfield>
    <subfield code="2">VEA BM</subfield>
  </datafield>
</record>
</collection>
